<?xml version="1.0" encoding="UTF-8"?><collection xmlns="http://www.loc.gov/MARC21/slim"><record><leader>00438nam--2200133-i-4500</leader><controlfield tag="001">000025530</controlfield><controlfield tag="002">20161230</controlfield><controlfield tag="005">20161230201036</controlfield><controlfield tag="008">060222s1000------------r-----000-0-eng-d</controlfield><datafield ind1=" " ind2=" " tag="080"><subfield code="a">621.382(043)</subfield></datafield><datafield ind1=" " ind2=" " tag="100"><subfield code="a">Juillerat, Raymond</subfield></datafield><datafield ind1=" " ind2=" " tag="245"><subfield code="a">Mesure sous vide des etats de surface d`un semiconducteurs par la methode des pertes de la capacite m.i.s. these</subfield></datafield><datafield ind1=" " ind2=" " tag="260"><subfield code="a">Zurich, Ecole Polytechnique Federale De Zurich, 1974, 77p</subfield></datafield><datafield ind1=" " ind2=" " tag="852"><subfield code="a">43457</subfield></datafield></record></collection>